
@article{gatheral_volatility_2018,
	title = {Volatility is rough},
	volume = {18},
	issn = {1469-7688},
	url = {https://mathscinet.ams.org/mathscinet-getitem?mr=3805308},
	doi = {10.1080/14697688.2017.1393551},
	number = {6},
	urldate = {2019-10-07},
	journal = {Quantitative Finance},
	author = {Gatheral, Jim and Jaisson, Thibault and Rosenbaum, Mathieu},
	year = {2018},
	mrnumber = {3805308},
	pages = {933--949},
	annote = {Un proceso estocástico definido sobre la filtración (Ω,F,(Ft)t ≥ 0,P) se denomina semimartingala si puede descomponerse en la forma:\{{\textbackslash}displaystyle X\_\{t\}=M\_\{t\}+A\_\{t\}\} donde M es una maritingala local y A es un proceso adaptado de tipo càdlàg que localmente es de variación acotada.},
	file = {Volatility is rough.pdf:/home/victor/Descargas/Volatility is rough.pdf:application/pdf}
}

@article{bayer_erratum:_2016,
	title = {Erratum: “{Pricing} under rough volatility” [ {MR3494612}]},
	volume = {16},
	issn = {1469-7688},
	shorttitle = {Erratum},
	url = {https://mathscinet.ams.org/mathscinet-getitem?mr=3494617},
	doi = {10.1080/14697688.2016.1175768},
	number = {6},
	urldate = {2019-10-07},
	journal = {Quantitative Finance},
	author = {Bayer, C. and Friz, P. and Gatheral, J.},
	year = {2016},
	mrnumber = {3494617},
	pages = {ei},
	file = {Texto completo:/home/victor/Zotero/storage/U86VS2F5/Bayer et al. - 2016 - Erratum “Pricing under rough volatility” [ MR3494.pdf:application/pdf}
}

@article{bayer_pricing_2016,
	title = {Pricing under rough volatility},
	volume = {16},
	issn = {1469-7688},
	url = {https://mathscinet.ams.org/mathscinet-getitem?mr=3494612},
	doi = {10.1080/14697688.2015.1099717},
	number = {6},
	urldate = {2019-10-07},
	journal = {Quantitative Finance},
	author = {Bayer, Christian and Friz, Peter and Gatheral, Jim},
	year = {2016},
	mrnumber = {3494612},
	pages = {887--904},
	file = {Pricing under rough volatility.pdf:/home/victor/Descargas/Pricing under rough volatility.pdf:application/pdf}
}

@article{comte_long_1998,
	title = {Long memory in continuous-time stochastic volatility models},
	volume = {8},
	copyright = {Blackwell Publishers Inc 1998},
	issn = {1467-9965},
	url = {https://onlinelibrary.wiley.com/doi/abs/10.1111/1467-9965.00057},
	doi = {10.1111/1467-9965.00057},
	abstract = {This paper studies a classical extension of the Black and Scholes model for option pricing, often known as the Hull and White model. Our specification is that the volatility process is assumed not only to be stochastic, but also to have long-memory features and properties. We study here the implications of this continuous-time long-memory model, both for the volatility process itself as well as for the global asset price process. We also compare our model with some discrete time approximations. Then the issue of option pricing is addressed by looking at theoretical formulas and properties of the implicit volatilities as well as statistical inference tractability. Lastly, we provide a few simulation experiments to illustrate our results.},
	language = {en},
	number = {4},
	urldate = {2019-10-13},
	journal = {Mathematical Finance},
	author = {Comte, Fabienne and Renault, Eric},
	year = {1998},
	keywords = {continuous-time option pricing model, long memory, stochastic volatility, volatility persistence, volatility smile},
	pages = {291--323},
	file = {Comte_et_al-1998-Mathematical_Finance.pdf:/home/victor/Descargas/Comte_et_al-1998-Mathematical_Finance.pdf:application/pdf;Snapshot:/home/victor/Zotero/storage/QNERAJ6R/1467-9965.html:text/html}
}

@article{mandelbrot_fractional_1968,
	title = {Fractional {Brownian} motions, fractional noises and applications},
	volume = {10},
	issn = {0036-1445},
	url = {https://mathscinet.ams.org/mathscinet-getitem?mr=242239},
	doi = {10.1137/1010093},
	urldate = {2019-10-13},
	journal = {SIAM Review. A Publication of the Society for Industrial and Applied Mathematics},
	author = {Mandelbrot, Benoit B. and Van Ness, John W.},
	year = {1968},
	mrnumber = {242239},
	pages = {422--437},
	file = {2027184.pdf:/home/victor/Descargas/2027184.pdf:application/pdf}
}

@article{fukasawa_asymptotic_2011,
	title = {Asymptotic analysis for stochastic volatility: martingale expansion},
	volume = {15},
	issn = {0949-2984},
	shorttitle = {Asymptotic analysis for stochastic volatility},
	url = {https://mathscinet.ams.org/mathscinet-getitem?mr=2863637},
	doi = {10.1007/s00780-010-0136-6},
	number = {4},
	urldate = {2019-10-13},
	journal = {Finance and Stochastics},
	author = {Fukasawa, Masaaki},
	year = {2011},
	mrnumber = {2863637},
	pages = {635--654},
	file = {Fukasawa2011_Article_AsymptoticAnalysisForStochasti.pdf:/home/victor/Descargas/Fukasawa2011_Article_AsymptoticAnalysisForStochasti.pdf:application/pdf}
}

@misc{noauthor_movimiento_nodate,
	title = {movimiento browniano fraccionario - {Buscar} con {Google}},
	url = {https://www.google.com/search?q=movimiento+browniano+fraccionario&oq=movimiento+browniano+fr&aqs=chrome.1.69i57j0l3.4684j0j7&sourceid=chrome&ie=UTF-8},
	urldate = {2019-10-19},
	file = {movimiento browniano fraccionario - Buscar con Google:/home/victor/Zotero/storage/BLEFA6PB/search.html:text/html;Tesis dirigidas-44-17.pdf:/home/victor/Descargas/Tesis dirigidas-44-17.pdf:application/pdf}
}

@book{biagini_stochastic_2008,
	title = {Stochastic {Calculus} for {Fractional} {Brownian} {Motion} and {Applications}},
	url = {https://doi.org/10.1007/978-1-84628-797-8_6},
	abstract = {In Chapters 2 to 5 we have presented several ways of introducing a stochastic calculus with respect to the fBm. We have already underlined the relations among these different approaches, but in our opinion it is convenient to provide here a comprehensive summary, including a further investigation of their analogies and differences.Moreover, in this chapter we present a general overview of the Itô formulas for the different definitions of stochastic integral for fBmtogether with an investigation of their relations.},
	language = {en},
	urldate = {2019-10-22},
	author = {Biagini, Francesca and Hu, Yaozhong and Øksendal, Bernt and Zhang, Tusheng},
	year = {2008},
	doi = {10.1007/978-1-84628-797-8_6},
	file = {2008_Book_StochasticCalculusForFractiona.pdf:/home/victor/Descargas/2008_Book_StochasticCalculusForFractiona.pdf:application/pdf}
}

@phdthesis{de_matos_neves_fractional_2012,
	address = {Portugal},
	title = {Fractional {Brownian} motion in finance},
	url = {https://doi.org/10.1007/978-1-84628-797-8_7},
	language = {Portugués},
	urldate = {2019-10-22},
	school = {Universidad Técnica de Lisboa},
	author = {de Matos Neves, Susana},
	year = {2012},
	doi = {10.1007/978-1-84628-797-8_7},
	keywords = {Fractional Brownian Motion, Wick Product, Brownian Motion Model, Wealth Process, Weather Derivative},
	file = {Versión enviada:/home/victor/Zotero/storage/ANL9PCSF/Biagini et al. - 2008 - Fractional Brownian motion in finance.pdf:application/pdf}
}

@incollection{coutin_introduction_2007,
	series = {Lecture {Notes} in {Math}.},
	title = {An introduction to (stochastic) calculus with respect to fractional {Brownian} motion},
	volume = {1899},
	url = {https://mathscinet.ams.org/mathscinet-getitem?mr=2408998},
	urldate = {2019-10-22},
	booktitle = {Séminaire de {Probabilités} {XL}},
	publisher = {Springer, Berlin},
	author = {Coutin, Laure},
	year = {2007},
	mrnumber = {2408998},
	doi = {10.1007/978-3-540-71189-6_1},
	pages = {3--65},
	file = {Coutin2007_Chapter_AnIntroductionToStochasticCalc.pdf:/home/victor/Descargas/Coutin2007_Chapter_AnIntroductionToStochasticCalc.pdf:application/pdf;MathSciNet Snapshot:/home/victor/Zotero/storage/JAG6RCAG/publdoc.html:text/html}
}

@misc{noauthor_diffusions_nodate,
	title = {Diffusions, {Markov} {Processes}, and {Martingales} - {Google} {Académico}},
	url = {https://scholar.google.es/scholar?hl=es&as_sdt=0%2C5&q=Diffusions%2C+Markov+Processes%2C+and+Martingales&btnG=},
	urldate = {2019-10-27},
	annote = {196},
	file = {Diffusions, Markov Processes, and Martingales - Google Académico:/home/victor/Zotero/storage/ZAFTEN4X/scholar.html:text/html;Rogers, L. C. G and Williams, D - Diffusions, Markov processes, and martingales. 1 (1994).pdf:/home/victor/Descargas/Rogers, L. C. G and Williams, D - Diffusions, Markov processes, and martingales. 1 (1994).pdf:application/pdf}
}

@misc{noauthor_stochastic_nodate,
	title = {Stochastic integration with respect to fractional... - {Google} {Académico}},
	url = {https://scholar.google.es/scholar?hl=es&as_sdt=0%2C5&q=Stochastic+integration+with+respect+to+fractional+Brownian+motion+and+applications&btnG=},
	urldate = {2019-10-27},
	annote = {177},
	file = {Stochastic integration with respect to fractional... - Google Académico:/home/victor/Zotero/storage/LACVYG6C/scholar.html:text/html;Stochastic_integration_with_respect_to_the_fractio.pdf:/home/victor/Descargas/Stochastic_integration_with_respect_to_the_fractio.pdf:application/pdf}
}

@book{samorodnitsky_stable_1994,
	series = {Stochastic {Modeling}},
	title = {Stable non-{Gaussian} random processes},
	isbn = {978-0-412-05171-5},
	url = {https://mathscinet.ams.org/mathscinet-getitem?mr=1280932},
	urldate = {2019-11-04},
	publisher = {Chapman \& Hall, New York},
	author = {Samorodnitsky, Gennady and Taqqu, Murad S.},
	year = {1994},
	mrnumber = {1280932},
	annote = {207},
	annote = {Stochastic models with infinite variance},
	file = {9780203738818_googlepreview.pdf:/home/victor/Descargas/9780203738818_googlepreview.pdf:application/pdf;Gennady Samorodnitsky, Murad Taqqu - Stable Non-Gaussian Random Processes_ Stochastic Models with Infinite Variance (Stochastic Modeling Series)-Chapman and Hall_CRC (1994).djvu:/home/victor/Descargas/Gennady Samorodnitsky, Murad Taqqu - Stable Non-Gaussian Random Processes_ Stochastic Models with Infinite Variance (Stochastic Modeling Series)-Chapman and Hall_CRC (1994).djvu:image/vnd.djvu;MathSciNet Snapshot:/home/victor/Zotero/storage/XIUE6EV5/publdoc.html:text/html;nonGaussian.pdf:/home/victor/Documentos/Carrera/Maestría/UNAM/Tesis/nonGaussian.pdf:application/postscript}
}

@article{rogers_arbitrage_1997,
	title = {Arbitrage with fractional {Brownian} motion},
	volume = {7},
	issn = {0960-1627},
	url = {https://mathscinet.ams.org/mathscinet-getitem?mr=1434408},
	doi = {10.1111/1467-9965.00025},
	number = {1},
	urldate = {2019-11-11},
	journal = {Mathematical Finance. An International Journal of Mathematics, Statistics and Financial Economics},
	author = {Rogers, L. C. G.},
	year = {1997},
	mrnumber = {1434408},
	pages = {95--105},
	file = {MathSciNet Snapshot:/home/victor/Zotero/storage/3FVEXHDE/publdoc.html:text/html;Versión enviada:/home/victor/Zotero/storage/L8R368RZ/Rogers - 1997 - Arbitrage with fractional Brownian motion.pdf:application/pdf}
}

@article{black_pricing_1973,
	title = {The pricing of options and corporate liabilities},
	volume = {81},
	issn = {0022-3808},
	url = {https://mathscinet.ams.org/mathscinet-getitem?mr=3363443},
	doi = {10.1086/260062},
	number = {3},
	urldate = {2019-11-18},
	journal = {Journal of Political Economy},
	author = {Black, Fischer and Scholes, Myron},
	year = {1973},
	mrnumber = {3363443},
	pages = {637--654},
	file = {MathSciNet Snapshot:/home/victor/Zotero/storage/IPMJ68WX/publdoc.html:text/html}
}

@article{comte_long_1996,
	title = {Long memory continuous time models},
	volume = {73},
	issn = {0304-4076},
	url = {https://mathscinet.ams.org/mathscinet-getitem?mr=1410003},
	doi = {10.1016/0304-4076(95)01735-6},
	number = {1},
	urldate = {2019-11-19},
	journal = {Journal of Econometrics},
	author = {Comte, F. and Renault, E.},
	year = {1996},
	mrnumber = {1410003},
	pages = {101--149},
	file = {1-s2.0-0304407695017356-main.pdf:/home/victor/Descargas/1-s2.0-0304407695017356-main.pdf:application/pdf;MathSciNet Snapshot:/home/victor/Zotero/storage/WPXHQHKN/publdoc.html:text/html}
}

@article{gatheral_arbitrage-free_2014,
	title = {Arbitrage-free {SVI} volatility surfaces},
	volume = {14},
	issn = {1469-7688},
	url = {https://doi.org/10.1080/14697688.2013.819986},
	doi = {10.1080/14697688.2013.819986},
	abstract = {In this article, we show how to calibrate the widely used SVI parameterization of the implied volatility smile in such a way as to guarantee the absence of static arbitrage. In particular, we exhibit a large class of arbitrage-free SVI volatility surfaces with a simple closed-form representation. We demonstrate the high quality of typical SVI fits with a numerical example using recent SPX options data.},
	number = {1},
	urldate = {2020-01-06},
	journal = {Quantitative Finance},
	author = {Gatheral, Jim and Jacquier, Antoine},
	month = jan,
	year = {2014},
	keywords = {Arbitrage pricing, Arbitrage relationship, C60, C63, Financial engineering, Financial mathematics, G, G12, G13, Volatility smile fitting, Volatility surfaces},
	pages = {59--71},
	file = {Snapshot:/home/victor/Zotero/storage/WPWG6IWI/14697688.2013.html:text/html;Versión enviada:/home/victor/Zotero/storage/8UIIHMSP/Gatheral y Jacquier - 2014 - Arbitrage-free SVI volatility surfaces.pdf:application/pdf}
}

@article{carr_what_2003,
	title = {What {Type} of {Process} {Underlies} {Options}? {A} {Simple} {Robust} {Test}},
	volume = {58},
	url = {https://onlinelibrary-wiley-com.svproxy01.cimat.mx/doi/full/10.1046/j.1540-6261.2003.00616.x},
	number = {6},
	urldate = {2020-01-29},
	author = {Carr, Peter and Wu, Liuren},
	year = {2003},
	file = {What Type of Process Underlies Options A Simple R.pdf:/home/victor/Zotero/storage/UV86HHKN/What Type of Process Underlies Options A Simple R.pdf:application/pdf;What Type of Process Underlies Options? A Simple Robust Test - Carr - 2003 - The Journal of Finance - Wiley Online Library:/home/victor/Zotero/storage/IAJVK32X/j.1540-6261.2003.00616.html:text/html}
}

@misc{noauthor_new_nodate,
	title = {New {Approach} for the {Dynamics} of {Ultra}-{High}-{Frequency} {Data}: {The} {Model} with {Uncertainty} {Zones} {\textbar} {Journal} of {Financial} {Econometrics} {\textbar} {Oxford} {Academic}},
	url = {https://academic-oup-com.svproxy01.cimat.mx/jfec/article-abstract/9/2/344/815201},
	urldate = {2020-01-29},
	file = {New Approach for the Dynamics of Ultra-High-Frequency Data\: The Model with Uncertainty Zones | Journal of Financial Econometrics | Oxford Academic:/home/victor/Zotero/storage/ZZI8TRJY/815201.html:text/html}
}

@article{rosenbaum_new_2011,
	title = {A new microstructure noise index},
	volume = {11},
	issn = {1469-7688},
	url = {https://mathscinet.ams.org/mathscinet-getitem?mr=2806970},
	doi = {10.1080/14697680903514352},
	number = {6},
	urldate = {2020-01-31},
	journal = {Quantitative Finance},
	author = {Rosenbaum, Mathieu},
	year = {2011},
	mrnumber = {2806970},
	pages = {883--899},
	file = {MathSciNet Snapshot:/home/victor/Zotero/storage/93V364UV/publdoc.html:text/html;Rosenbaum - 2011 - A new microstructure noise index.pdf:/home/victor/Zotero/storage/YH7CMMEI/Rosenbaum - 2011 - A new microstructure noise index.pdf:application/pdf}
}

@phdthesis{rosenbaum_etude_2007,
	type = {phdthesis},
	title = {Etude de {Quelques} {Problèmes} d'{Estimation} {Statistique} en {Finance}},
	url = {https://pastel.archives-ouvertes.fr/pastel-00003765},
	abstract = {Cette thèse traite plusieurs problèmes de finance statistique et se compose de quatre parties. Dans la première partie, on étudie la question de l'estimation de la persistance de la volatilité à partir d'observations discrètes d'un modèle de diffusion sur un intervalle [0,T], où T est un temps objectif fixé. Pour cela, on introduit un mouvement brownien fractionnaire d'indice de Hurst H dans la dynamique de la volatilité. On construit une procédure d'estimation du paramètre H à partir des données haute fréquence de la diffusion. On montre que la précision de notre estimateur est n{\textasciicircum}\{-1/(4H+2)\}, où n est la fréquence d'observation et on prouve son optimalité au sens minimax. Ces considérations théoriques sont suivies d'une étude numérique sur données simulées et données financières. La seconde partie de la thèse traite de la problématique du bruit de microstructure. Pour cela, on considère les observations à la fréquence n\$et avec erreur d'arrondi a\_n tendant vers zéro, d'un modèle de diffusion sur un intervalle [0,T], où T est un temps objectif fixé. On propose dans ce cadre des estimateurs de la volatilité intégrée de l'actif dont on montre que la précision est max(a\_n, n{\textasciicircum}\{-1/2\}). On obtient par ailleurs des théorèmes centraux limites dans le cas de diffusions homogènes. Cette étude théorique est ici aussi suivie d'une étude numérique sur données simulées et données financières. On établit dans la troisième partie de cette thèse une caractérisation simple des espaces de Besov et on l'utilise pour démontrer de nouvelles propriétés de régularité pour certains processus stochastiques. Cette partie peut paraître déconnectée des problèmes de finance statistique mais a été inspiratrice pour la partie 4 de la thèse. On construit dans la dernière partie de la thèse un nouvel indice de bruit de microstructure et on l'étudie sur des données financières. Cet indice, dont le calcul se base sur les p-variations de l'actif considéré à différentes échelles de temps, peut être interprété en terme d'espaces de Besov. Comparé aux autres indices, il semble posséder plusieurs avantages. En particulier, il permet de mettre en évidence des phénomènes originaux comme une certaine forme de régularité additionnelle dans les échelles les plus fines. On montre que ces phénomènes peuvent être partiellement reproduits par des modèles de bruit de microstructure additif ou de diffusion avec erreur d'arrondi. Néanmoins, une reproduction fidèle semble nécessiter soit une combinaison de deux formes d'erreur, soit une forme sophistiquée d'erreur d'arrondi.},
	language = {fr},
	urldate = {2020-02-01},
	school = {ENSAE ParisTech ; Université Paris-Est},
	author = {Rosenbaum, Mathieu},
	month = dec,
	year = {2007},
	file = {Full Text PDF:/home/victor/Zotero/storage/NXGNYVCP/Rosenbaum - 2007 - Etude de Quelques Problèmes d'Estimation Statistiq.pdf:application/pdf;Snapshot:/home/victor/Zotero/storage/7JJ3CTP3/pastel-00003765.html:text/html}
}

@article{ding_long_1993,
	title = {A long memory property of stock market returns and a new model},
	volume = {1},
	number = {1},
	journal = {Journal of empirical finance},
	author = {Ding, Zhuanxin and Granger, Clive WJ and Engle, Robert F.},
	year = {1993},
	pages = {83--106},
	file = {Full Text:/home/victor/Zotero/storage/3N8MTQ9Y/Ding et al. - 1993 - A long memory property of stock market returns and.pdf:application/pdf}
}

@article{andersen_modeling_2003,
	title = {Modeling and forecasting realized volatility},
	volume = {71},
	number = {2},
	journal = {Econometrica},
	author = {Andersen, Torben G. and Bollerslev, Tim and Diebold, Francis X. and Labys, Paul},
	year = {2003},
	pages = {579--625},
	file = {Snapshot:/home/victor/Zotero/storage/3I3KHKZ6/1468-0262.html:text/html}
}

@article{chen_persistence_2006,
	title = {Persistence of volatility in futures markets},
	volume = {26},
	number = {6},
	journal = {Journal of Futures Markets: Futures, Options, and Other Derivative Products},
	author = {Chen, Zhiyao and Daigler, Robert T. and Parhizgari, Ali M.},
	year = {2006},
	pages = {571--594},
	file = {Snapshot:/home/victor/Zotero/storage/65K7ID4M/fut.html:text/html}
}

@article{bentes_is_2011,
	title = {Is stock market volatility persistent? {A} fractionally integrated approach},
	shorttitle = {Is stock market volatility persistent?},
	author = {Bentes, Sonia R. and Mendes da Cruz, Manuel},
	year = {2011},
	file = {Full Text:/home/victor/Zotero/storage/IUV9378N/Bentes y Cruz - 2011 - Is stock market volatility persistent A fractiona.pdf:application/pdf;Snapshot:/home/victor/Zotero/storage/K9DZUMBR/1403.html:text/html}
}

@article{chronopoulou_parameter_2011,
	title = {Parameter estimation and calibration for long-memory stochastic volatility models},
	volume = {4},
	journal = {Handbook of Modeling High-Frequency Data in Finance},
	author = {Chronopoulou, Alexandra},
	year = {2011},
	pages = {219},
	file = {Snapshot:/home/victor/Zotero/storage/33XZK5TA/9781118204580.html:text/html}
}

@article{black_pricing_1973-1,
	title = {The pricing of options and corporate liabilities},
	volume = {81},
	issn = {0022-3808},
	url = {https://mathscinet.ams.org/mathscinet-getitem?mr=3363443},
	doi = {10.1086/260062},
	number = {3},
	urldate = {2020-02-02},
	journal = {Journal of Political Economy},
	author = {Black, Fischer and Scholes, Myron},
	year = {1973},
	mrnumber = {3363443},
	pages = {637--654},
	file = {MathSciNet Snapshot:/home/victor/Zotero/storage/JDKKRIYF/publdoc.html:text/html;Versión enviada:/home/victor/Zotero/storage/4F3EYTW2/Black y Scholes - 1973 - The pricing of options and corporate liabilities.pdf:application/pdf}
}

@article{hull_one-factor_1993,
	title = {One-factor interest-rate models and the valuation of interest-rate derivative securities},
	volume = {28},
	number = {2},
	journal = {Journal of financial and quantitative analysis},
	author = {Hull, John and White, Alan},
	year = {1993},
	pages = {235--254},
	file = {Full Text:/home/victor/Zotero/storage/XP2QPIBM/Hull y White - 1993 - One-factor interest-rate models and the valuation .pdf:application/pdf}
}

@article{robert_volatility_2012,
	title = {Volatility and covariation estimation when microstructure noise and trading times are endogenous},
	volume = {22},
	number = {1},
	journal = {Mathematical Finance: An International Journal of Mathematics, Statistics and Financial Economics},
	author = {Robert, Christian Yann and Rosenbaum, Mathieu},
	year = {2012},
	pages = {133--164},
	file = {Snapshot:/home/victor/Zotero/storage/8JNLT6AP/j.1467-9965.2010.00454.html:text/html}
}

@article{gatheral_arbitrage-free_2014-1,
	title = {Arbitrage-free {SVI} volatility surfaces},
	volume = {14},
	issn = {1469-7688},
	url = {https://mathscinet.ams.org/mathscinet-getitem?mr=3175969},
	doi = {10.1080/14697688.2013.819986},
	number = {1},
	urldate = {2020-03-02},
	journal = {Quantitative Finance},
	author = {Gatheral, Jim and Jacquier, Antoine},
	year = {2014},
	mrnumber = {3175969},
	pages = {59--71},
	file = {MathSciNet Snapshot:/home/victor/Zotero/storage/PYQXH34X/publdoc.html:text/html;Versión enviada:/home/victor/Zotero/storage/XAR6TUSY/Gatheral y Jacquier - 2014 - Arbitrage-free SVI volatility surfaces.pdf:application/pdf}
}

@misc{noauthor_tommi_nodate,
	title = {Tommi {Sottinen}. {Fractional} {Brownian} motion in finance and queueing filetype:pdf - {Buscar} con {Google}},
	url = {https://www.google.com/search?q=Tommi+Sottinen.+Fractional+Brownian+motion+in+finance+and+queueing+filetype%3Apdf&oq=Tommi+Sottinen.+Fractional+Brownian+motion+in+finance+and+queueing+filetype%3Apdf&aqs=chrome..69i57.4931j0j7&sourceid=chrome&ie=UTF-8},
	urldate = {2020-03-31},
	file = {0518aa289fddf67a6061494b1be63d364cf6.pdf:/home/victor/Descargas/0518aa289fddf67a6061494b1be63d364cf6.pdf:application/pdf;Tommi Sottinen. Fractional Brownian motion in finance and queueing filetype\:pdf - Buscar con Google:/home/victor/Zotero/storage/UQ2Y4MDV/search.html:text/html}
}

@techreport{bally_elementary_2003,
	type = {report},
	title = {An elementary introduction to {Malliavin} calculus},
	url = {https://hal.inria.fr/inria-00071868},
	abstract = {We give an introduction to Malliavin calculus following the notes of four lectures that I gave in the working group of the research team Mathfi in October 2001. These notes contain three topics: An elementary presentation of Malliavin's differential operators and of the integration by parts formula which represents the central tool in this theory. The Wiener chaos decomposition and the differential operators of Malliavin calculus as operators on the Wiener space. The application of this calculus to the study of the density of the law of a diffusion process. This was the initial application of Malliavin's calculus - and provides a probabili- stic proof of Hormander's hypothesis. The aim of these notes is to emphasis some basic ideas and technics related to this theory and not to provide a text book. The book of Nualart, for example, is an excellent nomography on this topic. So we live out some technical points (we send to the papers or books where complete proofs may be found) and do not treat problems in all generality or under the more general assumptions. We hope that this choice provides a soft presentation of the subject which permits to understand better the objects and the ideas coming on as well as the possible applications.},
	language = {en},
	urldate = {2020-04-19},
	institution = {INRIA},
	author = {Bally, Vlad},
	year = {2003},
	file = {Full Text PDF:/home/victor/Zotero/storage/223JDEQH/Bally - 2003 - An elementary introduction to Malliavin calculus.pdf:application/pdf;Snapshot:/home/victor/Zotero/storage/H7EHPRMA/inria-00071868.html:text/html}
}

@article{yilmaz_computation_2018,
	title = {Computation of option greeks under hybrid stochastic volatility models via {Malliavin} calculus},
	volume = {5},
	issn = {2351-6046},
	url = {https://mathscinet.ams.org/mathscinet-getitem?mr=3813089},
	doi = {10.15559/18-vmsta100},
	number = {2},
	urldate = {2020-04-19},
	journal = {Modern Stochastics. Theory and Applications},
	author = {Yilmaz, Bilgi},
	year = {2018},
	mrnumber = {3813089},
	pages = {145--165},
	file = {MathSciNet Snapshot:/home/victor/Zotero/storage/ZHPH7KA5/publdoc.html:text/html;Texto completo:/home/victor/Zotero/storage/CB7KBFK8/Yilmaz - 2018 - Computation of option greeks under hybrid stochast.pdf:application/pdf}
}

@book{di_nunno_malliavin_2009,
	series = {Universitext},
	title = {Malliavin calculus for {Lévy} processes with applications to finance},
	isbn = {978-3-540-78571-2},
	url = {https://mathscinet.ams.org/mathscinet-getitem?mr=2460554},
	urldate = {2020-04-19},
	publisher = {Springer-Verlag, Berlin},
	author = {Di Nunno, Giulia and Ø ksendal, Bernt and Proske, Frank},
	year = {2009},
	mrnumber = {2460554},
	doi = {10.1007/978-3-540-78572-9},
	file = {MathSciNet Snapshot:/home/victor/Zotero/storage/RPMZGNNS/publdoc.html:text/html;Versión enviada:/home/victor/Zotero/storage/Y95P5ANS/Di Nunno et al. - 2009 - Malliavin calculus for Lévy processes with applica.pdf:application/pdf}
}

@article{cheridito_fractional_2003,
	title = {Fractional {Ornstein}-{Uhlenbeck} processes},
	volume = {8},
	issn = {1083-6489},
	url = {https://mathscinet.ams.org/mathscinet-getitem?mr=1961165},
	doi = {10.1214/EJP.v8-125},
	urldate = {2020-04-20},
	journal = {Electronic Journal of Probability},
	author = {Cheridito, Patrick and Kawaguchi, Hideyuki and Maejima, Makoto},
	year = {2003},
	mrnumber = {1961165},
	pages = {no. 3, 14},
	file = {MathSciNet Snapshot:/home/victor/Zotero/storage/68QPDWFJ/publdoc.html:text/html;Texto completo:/home/victor/Zotero/storage/V2GWHF3Y/Cheridito et al. - 2003 - Fractional Ornstein-Uhlenbeck processes.pdf:application/pdf}
}

@article{simonsen_measuring_2003,
	title = {Measuring anti-correlations in the nordic electricity spot market by wavelets},
	volume = {322},
	issn = {0378-4371},
	url = {http://www.sciencedirect.com/science/article/pii/S0378437102019386},
	doi = {10.1016/S0378-4371(02)01938-6},
	abstract = {We consider the Nordic electricity spot market from mid-1992 to the end of year 2000. This market is found to be well approximated by an anti-persistent self-affine (mean-reverting) walk. It is characterized by a Hurst exponent of H≃0.41 over three orders of magnitude in time ranging from days to years. We argue that in order to see such a good scaling behavior, and to locate cross-overs, it is crucial that an analyzing technique is used that decouples scales. This is in our case achieved by utilizing a (multi-scale) wavelet approach. The shortcomings of methods that do not decouple scales are illustrated by applying, to the same data set, the classic R/S- and Fourier techniques, for which scaling regimes and/or positions of cross-overs are hard to define.},
	language = {en},
	urldate = {2020-04-20},
	journal = {Physica A: Statistical Mechanics and its Applications},
	author = {Simonsen, Ingve},
	month = may,
	year = {2003},
	keywords = {Anti-correlation, Econophysics, Measuring Hurst exponents, Self-affine, Wavelet transform},
	pages = {597--606},
	file = {ScienceDirect Snapshot:/home/victor/Zotero/storage/3ZE8J9NA/S0378437102019386.html:text/html;Versión enviada:/home/victor/Zotero/storage/Q9MABLWC/Simonsen - 2003 - Measuring anti-correlations in the nordic electric.pdf:application/pdf}
}

@incollection{mishura_financial_2008,
	address = {Berlin, Heidelberg},
	series = {Lecture {Notes} in {Mathematics}},
	title = {Financial {Applications} of {Fractional} {Brownian} {Motion}},
	isbn = {978-3-540-75873-0},
	url = {https://doi.org/10.1007/978-3-540-75873-0_5},
	abstract = {Long-range Dependence in Economics and FinanceAs mentioned in the paper (WTT99), long-range dependence in economics and finance has a long history and is an area of active research (e.g., see (Lo91), (CKW95)). The importance of long-range dependent processes as stochastic models lies in the fact that they provide an explanation and interpretation of an empirical law that is commonly referred to as the Hurst law or Hurst effect. In short, for a given set of observations {\textbackslash}({\textbackslash}left{\textbackslash}\{ \{X\_\{i,\} i {\textbackslash}ge 1\} {\textbackslash}right{\textbackslash}\}{\textbackslash}) with partial sum {\textbackslash}(Y{\textbackslash}left( n {\textbackslash}right) = {\textbackslash}sum{\textbackslash}limits\_\{i = 1\}{\textasciicircum}n \{X\_i ,n {\textbackslash}ge 1,\} {\textbackslash}) and sample variance {\textbackslash}(S{\textasciicircum}2 {\textbackslash}left( n {\textbackslash}right) = n{\textasciicircum}\{ - 1\} {\textbackslash}sum{\textbackslash}limits\_\{i = 1\}{\textasciicircum}n \{{\textbackslash}left( \{X\_i - n{\textasciicircum}\{ - 1\} Y{\textbackslash}left( n {\textbackslash}right)\} {\textbackslash}right){\textasciicircum}2 ,n {\textbackslash}ge 1,\} {\textbackslash}) the rescaled adjusted range statistic or R/S-statistic is defined by \$\${\textbackslash}frac\{R\}\{S\}{\textbackslash}left( n {\textbackslash}right) = {\textbackslash}frac\{1\}\{\{S{\textbackslash}left( n {\textbackslash}right)\}\}{\textbackslash}left( \{{\textbackslash}mathop \{{\textbackslash}max \}{\textbackslash}limits\_\{0 {\textbackslash}le t {\textbackslash}le n\} {\textbackslash}left( \{Y{\textbackslash}left( t {\textbackslash}right) - {\textbackslash}frac\{t\}\{n\}Y{\textbackslash}left( n {\textbackslash}right)\} {\textbackslash}right) - {\textbackslash}mathop \{{\textbackslash}min \}{\textbackslash}limits\_\{0 {\textbackslash}le t {\textbackslash}le n\} {\textbackslash}left( \{Y{\textbackslash}left( t {\textbackslash}right) - {\textbackslash}frac\{t\}\{n\}Y{\textbackslash}left( n {\textbackslash}right)\} {\textbackslash}right)\} {\textbackslash}right),n {\textbackslash}ge 1.\$\$ Hurst in (Hur51) found that many naturally occurring empirical records appear to be well represented by the relation {\textbackslash}(E{\textbackslash}left( \{{\textbackslash}left( \{R/S\} {\textbackslash}right){\textbackslash}left( n {\textbackslash}right)\} {\textbackslash}right) {\textbackslash}sim c\_1 n{\textasciicircum}H {\textbackslash}) as {\textbackslash}(n {\textbackslash}to {\textbackslash}infty {\textbackslash}) with typical values of the Hurst parameter {\textbackslash}(H {\textbackslash}in {\textbackslash}left( \{1/2,1\} {\textbackslash}right){\textbackslash}), and c 1 a finite positive constant not depending on n. But in the case when the observations come from a short-range dependent model, then {\textbackslash}(E{\textbackslash}left( \{R/S{\textbackslash}left( n {\textbackslash}right)\} {\textbackslash}right) {\textbackslash}sim c\_2 n{\textasciicircum}\{1/2\} {\textbackslash}) as {\textbackslash}(n {\textbackslash}to {\textbackslash}infty {\textbackslash}), where c 2 does not depend on n. The discrepancy between these two relations is called the Hurst effect or Hurst phenomenon. The analysis of the R/S-statistic, provided in (WTT99), (TTW95) and (TT97), leads to the recommendation to use a diverse portfolio of time-domain-based and frequency-domain-based graphics and statistical methods, including the graphical R/S-method, the modified R/S-statistic (Lo91) and Whittle’s approach. Also, another (possibly, surprising) recommendation is: in the case when statistical analysis cannot be expected to provide a definitive answer concerning the presence or absence of long-range dependence in asset price returns, a more revealing and also much more challenging approach to tackle this problem consists of providing a mathematically rigorous physical “explanation” for the presence or absence of the long-range dependence phenomenon in stock returns.},
	language = {en},
	urldate = {2020-04-20},
	booktitle = {Stochastic {Calculus} for {Fractional} {Brownian} {Motion} and {Related} {Processes}},
	publisher = {Springer},
	editor = {Mishura, Yuliya S.},
	year = {2008},
	doi = {10.1007/978-3-540-75873-0_5},
	keywords = {Fractional Brownian Motion, Burger Equation, Financial Application, Hurst Parameter, Risky Asset},
	pages = {301--326},
	file = {2008_Bookmatter_StochasticCalculusForFractiona.pdf:/home/victor/Descargas/2008_Bookmatter_StochasticCalculusForFractiona.pdf:application/pdf;Springer Full Text PDF:/home/victor/Zotero/storage/IZAPX5VA/Mishura - 2008 - Financial Applications of Fractional Brownian Moti.pdf:application/pdf}
}

@article{jun_yang_role_2013,
	title = {The role of satellite remote sensing in climate change studies},
	issn = {1758-678X},
	url = {http://pbidi.unam.mx:8080/login?url=http://search.ebscohost.com/login.aspx?direct=true&db=edscal&AN=edscal.27801836&lang=es&site=eds-live},
	abstract = {Satellite remote sensing has provided major advances in understanding the climate system and its changes, by quantifying processes and spatio-temporal states of the atmosphere, land and oceans. In this Review, we highlight some important discoveries about the climate system that have not been detected by climate models and conventional observations; for example, the spatial pattern of sea-level rise and the cooling effects of increased stratospheric aerosols. New insights are made feasible by the unparalleled global- and fine-scale spatial coverage of satellite observations. Nevertheless, the short duration of observation series and their uncertainties still pose challenges for capturing the robust long-term trends of many climate variables. We point out the need for future work and future systems to make better use of remote sensing in climate change studies.},
	number = {10},
	urldate = {2020-04-24},
	journal = {Nature climate change (Print)},
	author = {{Jun Yang} and {Peng Gong} and {Rong Fu} and {Minghua Zhang} and {Jingming Chen} and {Shunlin Liang} and {Bing Xu} and {Jiancheng Shi} and Dickinson, Robert},
	year = {2013},
	keywords = {Article synthèse, Artículo síntesis, Cambio planetario, Changement climatique, Changement planétaire, Changements planétaires, climate change, climate warming, Climatologie, météorologie, Climatologie. Bioclimatologie. Changement climatique, Climatology, meteorology, Climatology. Bioclimatology. Climate change, Earth, ocean, space, Ecologie, Ecology, Exact sciences and technology, External geophysics, Geophysics. Techniques, methods, instrumentation and models, Geophysique externe, Géophysique. Techniques, méthodes, appareillage et modèles, global change, Global change, Hydrologie, ressources en eau, Hydrology, water resources, Incertitude, Measurement technique, Météorologie, Meteorology, Observación por satélite, Observation par satellite, Réchauffement climat, Review, Satellite observation, Sciences exactes et technologie, Space remote sensing, Technique mesure, Técnica medida, Teledetección espacial, Télédétection spatiale, Terre, ocean, espace, uncertainties},
	pages = {875}
}

@article{hull_pricing_1990,
	title = {Pricing interest-rate-derivative securities},
	volume = {3},
	number = {4},
	journal = {The review of financial studies},
	author = {Hull, John and White, Alan},
	year = {1990},
	pages = {573--592},
	file = {Full Text:/home/victor/Zotero/storage/BBGB3Q83/Hull y White - 1990 - Pricing interest-rate-derivative securities.pdf:application/pdf;Snapshot:/home/victor/Zotero/storage/7GNR83DA/1585938.html:text/html}
}
